@unpublished{Cmana:1,
    author  = "Liz Burton",
    title   = "Managing Conflict in the Workplace: A Guide for Line Managers",
    year    = "2017",
}
@unpublished{GroupTeam:2,
    author  = "Surbhi S",
    title   = "Difference Between Group and Team",
    year    = "2015",
}
@misc{GroupTeam:3,
    author  = "SkillsYouNeed.com",
    title   = "An Introduction to Teams and Groups"
}
@unpublished{Manager:4,
    author  = "Christy Hopkins",
    title   = "How to Be a Good Manager: The Ultimate Guide",
    year    = "2017",
}
@unpublished{Manager:5,
    author  = "Jean-Louis Barsoux",
    title   = "The Making of a French Manager",
    year    = "1991",
}
@unpublished{Manager:6,
    author  = "Laurence Estival",
    title   = "Le management à la française vivement critiqué par les étrangers",
    year    = "2015",
}
